<record><leader>00000cas a22000007a 4500</leader><controlfield tag="001">9289755</controlfield><controlfield tag="008">830308d19051918waudr ne      0    0jpn d</controlfield><datafield ind1=" " ind2=" " tag="010"><subfield code="a">sn 83045006 </subfield></datafield><datafield ind1=" " ind2=" " tag="040"><subfield code="a">CRL</subfield><subfield code="b">eng</subfield><subfield code="c">CRL</subfield><subfield code="d">NPW</subfield><subfield code="d">CRL</subfield><subfield code="d">WAU</subfield><subfield code="d">OCLCQ</subfield></datafield><datafield ind1=" " ind2=" " tag="066"><subfield code="c">$1</subfield></datafield><datafield ind1=" " ind2=" " tag="042"><subfield code="a">msc</subfield></datafield><datafield ind1="0" ind2=" " tag="130"><subfield code="6">880-01</subfield><subfield code="a">Asahi shinbun (Seattle, Wash.)</subfield></datafield><datafield ind1="0" ind2="0" tag="245"><subfield code="6">880-02</subfield><subfield code="a">Asahi shinbun :</subfield><subfield code="b">cho&#772;kan = The Asahi news : Japanese morning paper.</subfield></datafield><datafield ind1="3" ind2="1" tag="246"><subfield code="a">Asahi news</subfield></datafield><datafield ind1=" " ind2=" " tag="260"><subfield code="6">880-03</subfield><subfield code="a">Seattle :</subfield><subfield code="b">Asahi Shinbun</subfield></datafield><datafield ind1=" " ind2=" " tag="300"><subfield code="a">v. :</subfield><subfield code="b">ill.</subfield></datafield><datafield ind1=" " ind2=" " tag="310"><subfield code="a">Daily</subfield></datafield><datafield ind1="1" ind2=" " tag="362"><subfield code="a">Published Mar. 1, 1905-Mar. 1918</subfield><subfield code="z">Cf. Shiatoru shoki no Nihongo shinbun.</subfield></datafield><datafield ind1=" " ind2=" " tag="530"><subfield code="a">Also issued on microfilm from The Center for Research Libraries.</subfield></datafield><datafield ind1=" " ind2=" " tag="546"><subfield code="a">In Japanese.</subfield></datafield><datafield ind1=" " ind2=" " tag="588"><subfield code="a">Description based on: Sept. 11, 1917.</subfield></datafield><datafield ind1=" " ind2=" " tag="752"><subfield code="a">United States</subfield><subfield code="b">Washington</subfield><subfield code="c">King</subfield><subfield code="d">Seattle.</subfield></datafield><datafield ind1="0" ind2=" " tag="880"><subfield code="6">130-01/$1</subfield><subfield code="a">&#26093;&#26032;&#32862; (Seattle, Wash.)</subfield></datafield><datafield ind1="0" ind2="0" tag="880"><subfield code="6">245-02/$1</subfield><subfield code="a">&#26093;&#26032;&#32862; :</subfield><subfield code="b">&#26397;&#21002; = The Asahi news : Japanese morning paper.</subfield></datafield><datafield ind1=" " ind2=" " tag="880"><subfield code="6">260-03/$1</subfield><subfield code="a">Seattle :</subfield><subfield code="b">&#26093;&#26032;&#32862;</subfield></datafield><datafield ind1="1" ind2=" " tag="029"><subfield code="a">AU@</subfield><subfield code="b">000015754321</subfield></datafield></record>